% Encoding: UTF-8

@Book{Shearer2009,
  title         = {Introduction to Seismology},
  publisher     = {Cambridge University Press},
  year          = {2009},
  author        = {Peter M. Shearer},
  __markedentry = {[leonardojofre:]},
  date          = {2009-06-11},
  ean           = {9780521708425},
  isbn          = {0521708427},
  pagetotal     = {412 Seiten}
 }

@Book{KeiitiAki2002,
  title         = {Quantitative Seismology},
  publisher     = {UNIV SCIENCE BOOKS},
  year          = {2002},
  author        = {Keiiti Aki, Paul G. Richards},
  __markedentry = {[leonardojofre:6]},
  date          = {2002-06-11},
  ean           = {9781891389634},
  isbn          = {1891389637},
  pagetotal     = {700}
 }

@Comment{jabref-meta: databaseType:bibtex;}

@inproceedings{penrose1955generalized, 
  title={A generalized inverse for matrices},
  author={Penrose, Roger},
  booktitle={Mathematical proceedings of the Cambridge philosophical society},
  volume={51},
  number={03},
  pages={406--413},
  year={1955},
  organization={Cambridge Univ Press}
}

@article{borcherdt1992anatomy,
  title={Anatomy of Seismograms},
  author={Borcherdt, Roger D},
  journal={Earthquake Spectra},
  volume={8},
  number={3},
  pages={495--496},
  year={1992}
}

@book{jakosky1950exploration,
  title={Exploration geophysics},
  author={Jakosky, Jay John},
  year={1950},
  publisher={Trija Pub. Co.}
}

@misc{larsonhostetler,
  title={Hostetler/Edwards Volumen Quinta Edici{\'o}n M{\'e}xico 1995 â€œ},
  author={Larson, Calculo},
  publisher={B}
}


