@article{Aki2002,
abstract = {This new edition of the classic text by Aki and Richards has at last been updated throughout to systematically explain key concepts in seismology. Now in one volume, the book provides a unified treatment of seismological methods that will be of use to advanced students, seismologists, and scientists and engineers working in all areas of seismology.},
author = {Aki,  Keiiti and Richards,  Paul G.},
journal = {Quantitative Seismology},
title = {{Quantitative Seismology, 2nd Ed.}},
url = {http://adsabs.harvard.edu/abs/2002quse.book.....A},
year = {2002}
}
