@article{Lay2011,
author = {Lay, Thorne and Wallace, Terry C},
file = {:Users/leonardojofre/Library/Application Support/Mendeley Desktop/Downloaded/Lay, Wallace - 2011 - Localizaci{\'{o}}n de Epicentros.pdf:pdf},
keywords = {()},
title = {{Localizaci{\'{o}}n de Epicentros}},
year = {2011}
}
